@article { DeterministicNonperiodicFlow,
      author = "Edward N.  Lorenz",
      title = "Deterministic Nonperiodic Flow",
      journal = "Journal of Atmospheric Sciences",
      year = "1963",
      publisher = "American Meteorological Society",
      address = "Boston MA, USA",
      volume = "20",
      number = "2",
      doi = "10.1175/1520-0469(1963)020<0130:DNF>2.0.CO;2",
      pages=      "130 - 141",
      url = "https://journals.ametsoc.org/view/journals/atsc/20/2/1520-0469_1963_020_0130_dnf_2_0_co_2.xml"
}
