@article{Hodson_2022, title={Root-mean-square error (RMSE) or mean absolute error (mae): When to use them or not}, volume={15}, DOI={10.5194/gmd-15-5481-2022}, number={14}, journal={Geoscientific Model Development}, author={Hodson, Timothy O.}, year={2022}, month={Jul}, pages={5481â€“5487}} 
@book{Anzai_2012, title={Pattern recognition and machine learning}, publisher={Elsevier Science}, author={Anzai, Y.}, year={2012}} 
@book{Deisenroth_Ong_Faisal_2021, place={Cambridge}, title={Mathematics for Machine Learning}, publisher={Cambridge University Press}, author={Deisenroth, Marc Peter and Ong, Cheng Soon and Faisal, Aldo A.}, year={2021}} 
@book{Murphy_2012, place={Cambridge}, title={Machine learning: A probabilistic perspective}, publisher={The MIT Press}, author={Murphy, Kevin P.}, year={2012}} 
@book{Shalev-Shwartz_Ben-David_2014, place={Cambridge}, title={Understanding machine learning: From theory to algorithms}, publisher={Cambridge University Press}, author={Shalev-Shwartz, Shai and Ben-David, Shai}, year={2014}} 

